% Encoding: UTF-8

@article{dill1985theory,
  title={Theory for the folding and stability of globular proteins},
  author={Dill, Ken A},
  journal={Biochemistry},
  volume={24},
  number={6},
  pages={1501--1509},
  year={1985},
  publisher={ACS Publications}
}

@article{van1995hydrophobicity,
  title={Hydrophobicity of biosurfacesâ€”origin, quantitative determination and interaction energies},
  author={Van Oss, CJ},
  journal={Colloids and Surfaces B: Biointerfaces},
  volume={5},
  number={3-4},
  pages={91--110},
  year={1995},
  publisher={Elsevier}
}

@article{kato1980hydrophobicity,
  title={Hydrophobicity determined by a fluorescence probe method and its correlation with surface properties of proteins},
  author={Kato, Akio and Nakai, Shuryo},
  journal={Biochimica et biophysica acta (BBA)-Protein structure},
  volume={624},
  number={1},
  pages={13--20},
  year={1980},
  publisher={Elsevier}
}

@article{larsen1998morphology,
  title={Morphology of protein--protein interfaces},
  author={Larsen, Teresa A and Olson, Arthur J and Goodsell, David S},
  journal={Structure},
  volume={6},
  number={4},
  pages={421--427},
  year={1998},
  publisher={Elsevier}
}

@article{beyreuther1991mechanisms,
  title={Mechanisms of Amyloid Deposition in Alzheimer's Disease a},
  author={Beyreuther, Konrad and Bush, Ashley I and Dyrks, Thomas and Hilbich, Caroline and K{\"o}NIG, GERHARD and M{\"o}NNING, URSULA and Multhaup, Gerd and Prior, Reinhard and Rumble, Baden and Schubert, Walter and others},
  journal={Annals of the New York Academy of Sciences},
  volume={640},
  number={1},
  pages={129--139},
  year={1991},
  publisher={Wiley Online Library}
}

@inproceedings{dobson2004principles,
  title={Principles of protein folding, misfolding and aggregation},
  author={Dobson, Christopher M},
  booktitle={Seminars in cell \& developmental biology},
  volume={15},
  number={1},
  pages={3--16},
  year={2004},
  organization={Elsevier}
}

@article{wilkins1998two,
  title={Two-dimensional gel electrophoresis for proteome projects: The effects of protein hydrophobicity and copy number},
  author={Wilkins, Marc R and Gasteiger, Elisabeth and Sanchez, Jean-Charles and Bairoch, Amos and Hochstrasser, Denis F},
  journal={Electrophoresis},
  volume={19},
  number={8-9},
  pages={1501--1505},
  year={1998},
  publisher={Wiley Online Library}
}

@article{kaliszan1990high,
  title={High performance liquid chromatographic methods and procedures of hydrophobicity determination},
  author={Kaliszan, Roman},
  journal={Quantitative Structure-Activity Relationships},
  volume={9},
  number={2},
  pages={83--87},
  year={1990},
  publisher={Wiley Online Library}
}

@article{berman2002protein,
  title={The protein data bank},
  author={Berman, Helen M and Battistuz, Tammy and Bhat, Talapady N and Bluhm, Wolfgang F and Bourne, Philip E and Burkhardt, Kyle and Feng, Zukang and Gilliland, Gary L and Iype, Lisa and Jain, Shri and others},
  journal={Acta Crystallographica Section D: Biological Crystallography},
  volume={58},
  number={6},
  pages={899--907},
  year={2002},
  publisher={International Union of Crystallography}
}

@article{uniprot2019uniprot,
  title={UniProt: a worldwide hub of protein knowledge},
  author={UniProt Consortium},
  journal={Nucleic acids research},
  volume={47},
  number={D1},
  pages={D506--D515},
  year={2019},
  publisher={Oxford University Press}
}

@article{klausen2019netsurfp,
  title={NetSurfP-2.0: Improved prediction of protein structural features by integrated deep learning},
  author={Klausen, Michael Schantz and Jespersen, Martin Closter and Nielsen, Henrik and Jensen, Kamilla Kjaergaard and Jurtz, Vanessa Isabell and Soenderby, Casper Kaae and Sommer, Morten Otto Alexander and Winther, Ole and Nielsen, Morten and Petersen, Bent and others},
  journal={Proteins: Structure, Function, and Bioinformatics},
  volume={87},
  number={6},
  pages={520--527},
  year={2019},
  publisher={Wiley Online Library}
}

@article{rose1985hydrophobicity,
  title={Hydrophobicity of amino acid residues in globular proteins},
  author={Rose, George D and Geselowitz, Ari R and Lesser, Glenn J and Lee, Richard H and Zehfus, Micheal H},
  journal={Science},
  volume={229},
  number={4716},
  pages={834--838},
  year={1985},
  publisher={American Association for the Advancement of Science}
}

@article{hanson2019improving,
  title={Improving prediction of protein secondary structure, backbone angles, solvent accessibility and contact numbers by using predicted contact maps and an ensemble of recurrent and residual convolutional neural networks},
  author={Hanson, Jack and Paliwal, Kuldip and Litfin, Thomas and Yang, Yuedong and Zhou, Yaoqi},
  journal={Bioinformatics},
  volume={35},
  number={14},
  pages={2403--2410},
  year={2019},
  publisher={Oxford University Press}
}

@incollection{kallberg2014raptorx,
  title={RaptorX server: a resource for template-based protein structure modeling},
  author={K{\"a}llberg, Morten and Margaryan, Gohar and Wang, Sheng and Ma, Jianzhu and Xu, Jinbo},
  booktitle={Protein Structure Prediction},
  pages={17--27},
  year={2014},
  publisher={Springer}
}

@article{petersen2009generic,
  title={A generic method for assignment of reliability scores applied to solvent accessibility predictions},
  author={Petersen, Bent and Petersen, Thomas Nordahl and Andersen, Pernille and Nielsen, Morten and Lundegaard, Claus},
  journal={BMC structural biology},
  volume={9},
  number={1},
  pages={51},
  year={2009},
  publisher={Springer}
}

@article{lijnzaad1996method,
  title={A method for detecting hydrophobic patches on protein surfaces},
  author={Lijnzaad, Philip and Berendsen, Herman JC and Argos, Patrick},
  journal={Proteins: Structure, Function, and Bioinformatics},
  volume={26},
  number={2},
  pages={192--203},
  year={1996},
  publisher={Wiley Online Library}
}

@article{eisenhaber1996hydrophobic,
  title={Hydrophobic regions on protein surfaces: definition based on hydration shell structure and a quick method for their computation},
  author={Eisenhaber, Frank and Argos, Patrick},
  journal={Protein Engineering, Design and Selection},
  volume={9},
  number={12},
  pages={1121--1133},
  year={1996},
  publisher={Oxford University Press}
}

@article{lijnzaad1997hydrophobic,
  title={Hydrophobic patches on protein subunit interfaces: characteristics and prediction},
  author={Lijnzaad, Philip and Argos, Patrick},
  journal={Proteins: Structure, Function, and Bioinformatics},
  volume={28},
  number={3},
  pages={333--343},
  year={1997},
  publisher={Wiley Online Library}
}

@article{wang2003pisces,
  title={PISCES: a protein sequence culling server},
  author={Wang, Guoli and Dunbrack Jr, Roland L},
  journal={Bioinformatics},
  volume={19},
  number={12},
  pages={1589--1591},
  year={2003},
  publisher={Oxford University Press}
}

@inproceedings{sonnhammer1998hidden,
  title={A hidden Markov model for predicting transmembrane helices in protein sequences.},
  author={Sonnhammer, Erik LL and Von Heijne, Gunnar and Krogh, Anders and others},
  booktitle={Ismb},
  volume={6},
  pages={175--182},
  year={1998}
}

@article{moller2001evaluation,
  title={Evaluation of methods for the prediction of membrane spanning regions},
  author={M{\"o}ller, Steffen and Croning, Michael DR and Apweiler, Rolf},
  journal={Bioinformatics},
  volume={17},
  number={7},
  pages={646--653},
  year={2001},
  publisher={Oxford University Press}
}

@article{higurashi2009pisite,
  title={PiSite: a database of protein interaction sites using multiple binding states in the PDB},
  author={Higurashi, Miho and Ishida, Takashi and Kinoshita, Kengo},
  journal={Nucleic acids research},
  volume={37},
  number={suppl\_1},
  pages={D360--D364},
  year={2009},
  publisher={Oxford University Press}
}

@article{sanner1996reduced,
  title={Reduced surface: an efficient way to compute molecular surfaces},
  author={Sanner, Michel F and Olson, Arthur J and Spehner, Jean-Claude},
  journal={Biopolymers},
  volume={38},
  number={3},
  pages={305--320},
  year={1996},
  publisher={Wiley Online Library}
}

@article{bentley1975multidimensional,
  title={Multidimensional binary search trees used for associative searching},
  author={Bentley, Jon Louis},
  journal={Communications of the ACM},
  volume={18},
  number={9},
  pages={509--517},
  year={1975},
  publisher={ACM New York, NY, USA}
}

@article{mitternacht2016freesasa,
  title={FreeSASA: An open source C library for solvent accessible surface area calculations},
  author={Mitternacht, Simon},
  journal={F1000Research},
  volume={5},
  year={2016},
  publisher={Faculty of 1000 Ltd}
}

@article{kabsch1983dictionary,
  title={Dictionary of protein secondary structure: pattern recognition of hydrogen-bonded and geometrical features},
  author={Kabsch, Wolfgang and Sander, Christian},
  journal={Biopolymers: Original Research on Biomolecules},
  volume={22},
  number={12},
  pages={2577--2637},
  year={1983},
  publisher={Wiley Online Library}
}

@article{rost1994conservation,
  title={Conservation and prediction of solvent accessibility in protein families},
  author={Rost, Burkhard and Sander, Chris},
  journal={Proteins: Structure, Function, and Bioinformatics},
  volume={20},
  number={3},
  pages={216--226},
  year={1994},
  publisher={Wiley Online Library}
}

@article{lobry1994hydrophobicity,
  title={Hydrophobicity, expressivity and aromaticity are the major trends of amino-acid usage in 999 Escherichia coli chromosome-encoded genes},
  author={Lobry, JR and Gautier, Christian},
  journal={Nucleic acids research},
  volume={22},
  number={15},
  pages={3174--3180},
  year={1994},
  publisher={Oxford University Press}
}

@article{guruprasad1990correlation,
  title={Correlation between stability of a protein and its dipeptide composition: a novel approach for predicting in vivo stability of a protein from its primary sequence},
  author={Guruprasad, Kunchur and Reddy, BV Bhasker and Pandit, Madhusudan W},
  journal={Protein Engineering, Design and Selection},
  volume={4},
  number={2},
  pages={155--161},
  year={1990},
  publisher={Oxford University Press}
}

@article{vihinen1994accuracy,
  title={Accuracy of protein flexibility predictions},
  author={Vihinen, Mauno and Torkkila, Esa and Riikonen, Pentti},
  journal={Proteins: Structure, Function, and Bioinformatics},
  volume={19},
  number={2},
  pages={141--149},
  year={1994},
  publisher={Wiley Online Library}
}

@article{kyte1982simple,
  title={A simple method for displaying the hydropathic character of a protein},
  author={Kyte, Jack and Doolittle, Russell F},
  journal={Journal of molecular biology},
  volume={157},
  number={1},
  pages={105--132},
  year={1982},
  publisher={Elsevier}
}


@article{bjellqvist1993focusing,
  title={The focusing positions of polypeptides in immobilized pH gradients can be predicted from their amino acid sequences},
  author={Bjellqvist, Bengt and Hughes, Graham J and Pasquali, Christian and Paquet, Nicole and Ravier, Florence and Sanchez, Jean-Charles and Frutiger, S{\'e}verine and Hochstrasser, Denis},
  journal={Electrophoresis},
  volume={14},
  number={1},
  pages={1023--1031},
  year={1993},
  publisher={Wiley Online Library}
}

@article{gill1989calculation,
  title={Calculation of protein extinction coefficients from amino acid sequence data},
  author={Gill, Stanley C and Von Hippel, Peter H},
  journal={Analytical biochemistry},
  volume={182},
  number={2},
  pages={319--326},
  year={1989},
  publisher={Elsevier}
}